@article{10.1093/mnras/stx301,
  author  = {Ratsimbazafy, A. L. and Loubser, S. I. and Crawford, S. M. and Cress, C. M. and Bassett, B. A. and Nichol, R. C. and Väisänen, P.},
  journal = {Monthly Notices of the Royal Astronomical Society},
  month   = {02},
  number  = {3},
  pages   = {3239-3254},
  title   = {Age-dating luminous red galaxies observed with the Southern African Large Telescope},
  volume  = {467},
  year    = {2017}
}
@article{10.1093/mnrasl/slv037,
  author  = {Moresco, Michele},
  journal = {Monthly Notices of the Royal Astronomical Society: Letters},
  month   = {04},
  number  = {1},
  pages   = {L16-L20},
  title   = {Raising the bar: new constraints on the Hubble parameter with cosmic chronometers at z ~ 2},
  volume  = {450},
  year    = {2015}
}
@article{Borghi_2022,
  author    = {Nicola Borghi and Michele Moresco and Andrea Cimatti},
  journal   = {The Astrophysical Journal Letters},
  month     = {mar},
  number    = {1},
  pages     = {L4},
  publisher = {The American Astronomical Society},
  title     = {Toward a Better Understanding of Cosmic Chronometers: A New Measurement of H(z) at z ∼ 0.7},
  volume    = {928},
  year      = {2022}
}
@article{Daniel.Stern_2010,
  author    = {Daniel Stern and  Raul Jimenez and  Licia Verde and  Marc Kamionkowski and  S. Adam Stanford},
  journal   = {Journal of Cosmology and Astroparticle Physics},
  month     = {feb},
  number    = {02},
  pages     = {008},
  publisher = {},
  title     = {Cosmic chronometers: constraining the equation of state of dark energy. I: H(z) measurements},
  volume    = {2010},
  year      = {2010}
}
@article{Jiao_2023,
  author    = {Kang Jiao and Nicola Borghi and Michele Moresco and Tong-Jie Zhang},
  journal   = {The Astrophysical Journal Supplement Series},
  month     = {mar},
  number    = {2},
  pages     = {48},
  publisher = {The American Astronomical Society},
  title     = {New Observational H(z) Data from Full-spectrum Fitting of Cosmic Chronometers in the LEGA-C Survey},
  volume    = {265},
  year      = {2023}
}
@article{M.Moresco_2012,
  author  = {M. Moresco and  A. Cimatti and  R. Jimenez and  L. Pozzetti and  G. Zamorani and  M. Bolzonella and  J. Dunlop and  F. Lamareille and  M. Mignoli and  H. Pearce and  P. Rosati and  D. Stern and  L. Verde and  E. Zucca and  C.M. Carollo and  T. Contini and  J.-P. Kneib and  O. Le Fèvre and  S.J. Lilly and  V. Mainieri and  A. Renzini and  M. Scodeggio and  I. Balestra and  R. Gobat and  R. McLure and  S. Bardelli and  A. Bongiorno and  K. Caputi and  O. Cucciati and  S. de la Torre and  L. de Ravel and  P. Franzetti and  B. Garilli and  A. Iovino and  P. Kampczyk and  C. Knobel and  K. Kovač and  J.-F. Le Borgne and  V. Le Brun and  C. Maier and  R. Pelló and  Y. Peng and  E. Perez-Montero and  V. Presotto and  J.D. Silverman and  M. Tanaka and  L.A.M. Tasca and  L. Tresse and  D. Vergani and  O. Almaini and  L. Barnes and  R. Bordoloi and  E. Bradshaw and  A. Cappi and  R. Chuter and  M. Cirasuolo and  G. Coppa and  C. Diener and  S. Foucaud and  W. Hartley and  M. Kamionkowski and  A.M. Koekemoer and  C. López-Sanjuan and  H.J. McCracken and  P. Nair and  P. Oesch and  A. Stanford and  N. Welikala},
  journal = {Journal of Cosmology and Astroparticle Physics},
  month   = {aug},
  number  = {08},
  pages   = {006},
  title   = {Improved constraints on the expansion rate of the Universe up to z ~ 1.1 from the spectroscopic evolution of cosmic chronometers},
  volume  = {2012},
  year    = {2012}
}
@article{Moresco_2016,
  author  = {Michele Moresco and Lucia Pozzetti and Andrea Cimatti and Raul Jimenez and Claudia Maraston and Licia Verde and Daniel Thomas and Annalisa Citro and Rita Tojeiro and David Wilkinson},
  journal = {Journal of Cosmology and Astroparticle Physics},
  month   = {may},
  number  = {05},
  pages   = {014},
  title   = {A 6% measurement of the Hubble parameter at z~0.45: direct evidence of the epoch of cosmic re-acceleration},
  volume  = {2016},
  year    = {2016}
}
@article{PhysRevD.71.123001,
  author    = {Simon, Joan and Verde, Licia and Jimenez, Raul},
  journal   = {Phys. Rev. D},
  month     = {Jun},
  number    = {12},
  pages     = {123001},
  publisher = {American Physical Society},
  title     = {Constraints on the redshift dependence of the dark energy potential},
  volume    = {71},
  year      = {2005}
}
@article{refId0,
  author  = {S. Basilakos and M. Plionis},
  journal = {A\&A},
  number  = {1},
  pages   = {47-52},
  title   = {Could dark matter interactions be an alternative to dark energy?},
  volume  = {507},
  year    = {2009}
}
@article{refId1,
  author  = {{Cao, S.} and {Zhu, Z.-H.} and {Liang, N.}},
  journal = {A\&A},
  pages   = {A61},
  title   = {Observational constraints on interacting dark matter model without dark energy},
  volume  = {529},
  year    = {2011}
}
@article{Zhang_2014,
  author  = {Cong Zhang and Han Zhang and Shuo Yuan and Siqi Liu and Tong-Jie Zhang and Yan-Chun Sun},
  journal = {Research in Astronomy and Astrophysics},
  month   = {oct},
  number  = {10},
  pages   = {1221},
  title   = {Four new observational H(z) data from luminous red galaxies in the Sloan Digital Sky Survey data release seven},
  volume  = {14},
  year    = {2014}
}